@ONLINE{lee2002proprioception,
  author={Lee, Shannon},
  title={Proprioception: how and why},
  year={2002},
  url = {http://serendip.brynmawr.edu/exchange/node/1699},
  urldate = {2014-03-02}
}

@article{brooks1991intelligence,
  title={Intelligence without representation},
  author={Brooks, Rodney A},
  journal={Artificial intelligence},
  volume={47},
  number={1},
  pages={139--159},
  year={1991},
  publisher={Elsevier}
}

@article{pfeifer2005morphological,
  title={Morphological computation: Connecting body, brain and environment},
  author={Pfeifer, Rolf and Iida, Fumiya},
  journal={Japanese Scientific Monthly},
  volume={58},
  number={2},
  pages={48--54},
  year={2005}
}